<?xml version="1.0" encoding="UTF-8"?><collection xmlns="http://www.loc.gov/MARC21/slim"><record><leader>00661nam--2200181-i-4500</leader><controlfield tag="001">000036663</controlfield><controlfield tag="002">20161230</controlfield><controlfield tag="005">20170125132306</controlfield><controlfield tag="008">060222s1000------------r-----000-0-eng-d</controlfield><datafield ind1=" " ind2=" " tag="041"><subfield code="a">IFIN-HH</subfield></datafield><datafield ind1=" " ind2=" " tag="080"><subfield code="a">533.9(061.3)</subfield></datafield><datafield ind1="1" ind2=" " tag="110"><subfield code="a">United States Atomic Energy Commission</subfield></datafield><datafield ind1="1" ind2="0" tag="245"><subfield code="a">Plasma physics and controlled nuclear fusion research, conference proceedings, Salzburg, 4-9 September, 1961</subfield><subfield code="b">Translated from preprints of Russian papers presented at the conference</subfield></datafield><datafield ind1=" " ind2=" " tag="260"><subfield code="a">Springfield</subfield><subfield code="b">United States Atomic Energy Commission</subfield><subfield code="c">1963</subfield></datafield><datafield ind1=" " ind2=" " tag="300"><subfield code="a">2 volume</subfield></datafield><datafield ind1="0" ind2=" " tag="787"><subfield code="a">Book 2</subfield><subfield code="h">V +/ 506-1084/p</subfield></datafield><datafield ind1=" " ind2=" " tag="852"><subfield code="a">78452</subfield><subfield code="c">533.9</subfield></datafield><datafield ind1=" " ind2=" " tag="CAT"><subfield code="a">SYS</subfield><subfield code="c">20170125</subfield><subfield code="h">132306</subfield></datafield></record></collection>